<?xml version="1.0" encoding="UTF-8"?><collection xmlns="http://www.loc.gov/MARC21/slim"><record><leader>00462nam--2200169-i-4500</leader><controlfield tag="001">000041542</controlfield><controlfield tag="002">20161230</controlfield><controlfield tag="005">20170210000215</controlfield><controlfield tag="008">060222s1000------------r-----000-0-eng-d</controlfield><datafield ind1=" " ind2=" " tag="040"><subfield code="a">IFIN-HH</subfield></datafield><datafield ind1=" " ind2=" " tag="080"><subfield code="a">539.19:543.42</subfield></datafield><datafield ind1="1" ind2=" " tag="100"><subfield code="a">Siegbahn, Kai</subfield></datafield><datafield ind1="1" ind2="0" tag="245"><subfield code="a">Esca applied to free molecules</subfield><subfield code="c">K. Siegbahn (s.a.)</subfield></datafield><datafield ind1=" " ind2=" " tag="260"><subfield code="a">Amsterdam</subfield><subfield code="b">North-Holland Publishing Company</subfield><subfield code="c">1969</subfield></datafield><datafield ind1=" " ind2=" " tag="300"><subfield code="a">VII + 200 p</subfield></datafield><datafield ind1=" " ind2=" " tag="852"><subfield code="a">33183</subfield><subfield code="c">535.33</subfield></datafield><datafield ind1=" " ind2=" " tag="CAT"><subfield code="a">SYS</subfield><subfield code="c">20170210</subfield><subfield code="h">000215</subfield></datafield></record></collection>